%%%%%%%%%%%%%%%%%%%%%%%%%%%%%%%%%%%%%%%%%%%%%%%%%%%%%%%%%%%
@misc{cmake,
title = {{CMake}, the cross-platform and open-source build system},
howpublished = {\url{http://www.cmake.org/}},
note = { }
}
%%%%%%%%%%%%%%%%%%%%%%%%%%%%%%%%%%%%%%%%%%%%%%%%%%%%%%%%%%%
@misc{doxygen,
title = {{Doxygen}, a tool for documentation generation from source code},
howpublished = {\url{http://www.stack.nl/~dimitri/doxygen/}},
note = { }
}
%%%%%%%%%%%%%%%%%%%%%%%%%%%%%%%%%%%%%%%%%%%%%%%%%%%%%%%%%%%
@misc{bitbucket,
title = {{Atlasian Bitbucket}, free for small teams + Unlimited private repositories},
howpublished = {\url{https://bitbucket.org/}},
note = { }
}
%%%%%%%%%%%%%%%%%%%%%%%%%%%%%%%%%%%%%%%%%%%%%%%%%%%%%%%%%%%
@misc{github,
title = {{GitHub}, a powerful collaboration, code review, and code management for open source and private projects.},
howpublished = {\url{https://github.com/}},
note = { }
}
%%%%%%%%%%%%%%%%%%%%%%%%%%%%%%%%%%%%%%%%%%%%%%%%%%%%%%%%%%%
@misc{client-server-model,
title = {{Client-server computing model}},
howpublished = {\url{https://en.wikipedia.org/wiki/Client%E2%80%93server_model}},
note = { }
}
%%%%%%%%%%%%%%%%%%%%%%%%%%%%%%%%%%%%%%%%%%%%%%%%%%%%%%%%%%%
@misc{what-is-hpc,
title = {{What is HPC}},
howpublished = {\url{http://insidehpc.com/hpc-basic-training/what-is-hpc/}},
note = { }
}
%%%%%%%%%%%%%%%%%%%%%%%%%%%%%%%%%%%%%%%%%%%%%%%%%%%%%%%%%%%
@misc{volume-rendering,
title = {{Volume Rendering}},
howpublished = {\url{https://en.wikipedia.org/wiki/Volume_rendering}},
note = { }
}
%%%%%%%%%%%%%%%%%%%%%%%%%%%%%%%%%%%%%%%%%%%%%%%%%%%%%%%%%%%
@misc{heterogeneous-computing,
title = {{Heterogeneous Computing}},
howpublished = {\url{https://en.wikipedia.org/wiki/Heterogeneous_computing}},
note = { }
}
%%%%%%%%%%%%%%%%%%%%%%%%%%%%%%%%%%%%%%%%%%%%%%%%%%%%%%%%%%%
@misc{opencl,
title = {{OpenCL}},
howpublished = {\url{https://en.wikipedia.org/wiki/OpenCL}},
note = { }
}
%%%%%%%%%%%%%%%%%%%%%%%%%%%%%%%%%%%%%%%%%%%%%%%%%%%%%%%%%%%
@misc{cuda,
title = {{CUDA}},
howpublished = {\url{https://en.wikipedia.org/wiki/CUDA}},
note = { }
}
%%%%%%%%%%%%%%%%%%%%%%%%%%%%%%%%%%%%%%%%%%%%%%%%%%%%%%%%%%%
@misc{opengl,
title = {{OpenGL}},
howpublished = {\url{https://en.wikipedia.org/wiki/OpenGL}},
note = { }
}
%%%%%%%%%%%%%%%%%%%%%%%%%%%%%%%%%%%%%%%%%%%%%%%%%%%%%%%%%%%
@misc{refactoring,
title = {{Code refactoring}},
howpublished = {\url{https://en.wikipedia.org/wiki/Code_refactoring}},
note = { }
}
%%%%%%%%%%%%%%%%%%%%%%%%%%%%%%%%%%%%%%%%%%%%%%%%%%%%%%%%%%%
@misc{software-engineering,
title = {{Software Engineering}},
howpublished = {\url{https://en.wikipedia.org/wiki/Software_engineering}},
note = { }
}
%%%%%%%%%%%%%%%%%%%%%%%%%%%%%%%%%%%%%%%%%%%%%%%%%%%%%%%%%%%
@misc{version-control,
title = {{Version control}},
howpublished = {\url{https://en.wikipedia.org/wiki/Revision_control}},
note = { }
}
%%%%%%%%%%%%%%%%%%%%%%%%%%%%%%%%%%%%%%%%%%%%%%%%%%%%%%%%%%%
@misc{software-build,
title = {{Software build systems}},
howpublished = {\url{https://en.wikipedia.org/wiki/Software_build}},
note = { }
}
%%%%%%%%%%%%%%%%%%%%%%%%%%%%%%%%%%%%%%%%%%%%%%%%%%%%%%%%%%%
@misc{learning-curve,
title = {{Learning curve}},
howpublished = {\url{https://en.wikipedia.org/wiki/Learning_curve}},
note = { }
}
%%%%%%%%%%%%%%%%%%%%%%%%%%%%%%%%%%%%%%%%%%%%%%%%%%%%%%%%%%%
@misc{zero-mq,
title = {{ZeroMQ}},
howpublished = {\url{https://en.wikipedia.org/wiki/%C3%98MQ}},
note = { }
}
%%%%%%%%%%%%%%%%%%%%%%%%%%%%%%%%%%%%%%%%%%%%%%%%%%%%%%%%%%%
@misc{0mq,
title = {{ZeroMQ}},
howpublished = {\url{http://zeromq.org/}},
note = { }
}
%%%%%%%%%%%%%%%%%%%%%%%%%%%%%%%%%%%%%%%%%%%%%%%%%%%%%%%%%%%
@misc{qt-network,
title = {{Qt Network 5.5}},
howpublished = {\url{http://doc.qt.io/qt-5/qtnetwork-index.html}},
note = { }
}





